@Book{lamport1985:latex,
  author =		 {Leslie Lamport},
  title =		 {{\LaTeX}---A Document Preparation System---User's
                  Guide and Reference Manual},
  publisher =	 {Ad{\-d}i{\-s}on-Wes{\-l}ey},
  year =		 1985,
  isbn =		 {0-201-15790-X},
}
@article{cowan1956,
doi = {10.1126/science.124.3212.103},
author = {C. L. Cowan  and F. Reines  and F. B. Harrison  and H. W. Kruse  and A. D. McGuire },
title = {Detection of the Free Neutrino: a Confirmation},
journal = {Science},
volume = {124},
number = {3212},
pages = {103-104},
year = {1956},
doi = {10.1126/science.124.3212.103},
URL = {https://www.science.org/doi/abs/10.1126/science.124.3212.103},
eprint = {https://www.science.org/doi/pdf/10.1126/science.124.3212.103}}

@article{Pauli:1930pc,
    author = "Pauli, W.",
    title = "{Dear radioactive ladies and gentlemen}",
    journal = "Phys. Today",
    volume = "31N9",
    pages = "27",
    year = "1978"
}

@article{positrons_in_kamland,
author={T. Hachiya},
title = "$e^+/e^-$ Discrimination in KamLAND",
journal = {Proceedings of the 10th International Workshop on Neutrino-Nucleus Interactions in Few-GeV Region (NuInt15)},
doi = {10.7566/JPSCP.12.010046},
URL = {https://journals.jps.jp/doi/abs/10.7566/JPSCP.12.010046},
eprint = {https://journals.jps.jp/doi/pdf/10.7566/JPSCP.12.010046},
year = {2016},
}

@misc{ENSDF,
  author = {Brookhaven National Laboratory National Nuclear Data Center},
  howpublished = {webpage},
  title = {Evaluated Nuclear Structure Data File (ENSDF)},
  URL = {https://www.nndc.bnl.gov/ensdf/},
}

@article{klz_xenon_spallation,
  title = {Measurement of cosmic-ray muon spallation products in a xenon-loaded liquid scintillator with KamLAND},
  author = {Abe, S. and Asami, S. and Eizuka, M. and Futagi, S. and Gando, A. and Gando, Y. and Gima, T. and Goto, A. and Hachiya, T. and Hata, K. and Hosokawa, K. and Ichimura, K. and Ieki, S. and Ikeda, H. and Inoue, K. and Ishidoshiro, K. and Kamei, Y. and Kawada, N. and Kishimoto, Y. and Koga, M. and Kurasawa, M. and Mitsui, T. and Miyake, H. and Nakahata, T. and Nakamura, K. and Nakamura, R. and Ozaki, H. and Sakai, T. and Shimizu, I. and Shirai, J. and Shiraishi, K. and Suzuki, A. and Suzuki, Y. and Takeuchi, A. and Tamae, K. and Watanabe, H. and Yoshida, Y. and Obara, S. and Ichikawa, A. K. and Yoshida, S. and Umehara, S. and Fushimi, K. and Kotera, K. and Urano, Y. and Berger, B. E. and Fujikawa, B. K. and Learned, J. G. and Maricic, J. and Axani, S. N. and Fu, Z. and Smolsky, J. and Winslow, L. A. and Efremenko, Y. and Karwowski, H. J. and Markoff, D. M. and Tornow, W. and Dell'Oro, S. and O'Donnell, T. and Detwiler, J. A. and Enomoto, S. and Decowski, M. P. and Weerman, K. M. and Grant, C. and Li, A. and Song, H.},
  collaboration = {KamLAND-Zen Collaboration},
  journal = {Phys. Rev. C},
  volume = {107},
  issue = {5},
  pages = {054612},
  numpages = {14},
  year = {2023},
  month = {May},
  publisher = {American Physical Society},
  doi = {10.1103/PhysRevC.107.054612},
  url = {https://link.aps.org/doi/10.1103/PhysRevC.107.054612}
}


@article{kamland_spallation_2009,
  title = {Production of radioactive isotopes through cosmic muon spallation in KamLAND},
  author = {Abe, S. and Enomoto, S. and Furuno, K. and Gando, Y. and Ikeda, H. and Inoue, K. and Kibe, Y. and Kishimoto, Y. and Koga, M. and Minekawa, Y. and Mitsui, T. and Nakajima, K. and Nakajima, K. and Nakamura, K. and Nakamura, M. and Shimizu, I. and Shimizu, Y. and Shirai, J. and Suekane, F. and Suzuki, A. and Takemoto, Y. and Tamae, K. and Terashima, A. and Watanabe, H. and Yonezawa, E. and Yoshida, S. and Kozlov, A. and Murayama, H. and Busenitz, J. and Classen, T. and Grant, C. and Keefer, G. and Leonard, D. S. and McKee, D. and Piepke, A. and Banks, T. I. and Bloxham, T. and Detwiler, J. A. and Freedman, S. J. and Fujikawa, B. K. and Gray, F. and Guardincerri, E. and Hsu, L. and Ichimura, K. and Kadel, R. and Lendvai, C. and Luk, K. -B. and O'Donnell, T. and Steiner, H. M. and Winslow, L. A. and Dwyer, D. A. and Jillings, C. and Mauger, C. and McKeown, R. D. and Vogel, P. and Zhang, C. and Berger, B. E. and Lane, C. E. and Maricic, J. and Miletic, T. and Batygov, M. and Learned, J. G. and Matsuno, S. and Pakvasa, S. and Foster, J. and Horton-Smith, G. A. and Tang, A. and Dazeley, S. and Downum, K. E. and Gratta, G. and Tolich, K. and Bugg, W. and Efremenko, Y. and Kamyshkov, Y. and Perevozchikov, O. and Karwowski, H. J. and Markoff, D. M. and Tornow, W. and Heeger, K. M. and Piquemal, F. and Ricol, J. -S. and Decowski, M. P.},
  collaboration = {KamLAND Collaboration},
  journal = {Phys. Rev. C},
  volume = {81},
  issue = {2},
  pages = {025807},
  numpages = {14},
  year = {2010},
  month = {Feb},
  publisher = {American Physical Society},
  doi = {10.1103/PhysRevC.81.025807},
  url = {https://link.aps.org/doi/10.1103/PhysRevC.81.025807}
}


@article{MUSIC,
title = {A three-dimensional code for muon propagation through the rock: MUSIC},
journal = {Astroparticle Physics},
volume = {7},
number = {4},
pages = {357-368},
year = {1997},
issn = {0927-6505},
doi = {https://doi.org/10.1016/S0927-6505(97)00035-2},
url = {https://www.sciencedirect.com/science/article/pii/S0927650597000352},
author = {P. Antonioli and C. Ghetti and E.V. Korolkova and V.A. Kudryavtsev and G. Sartorelli},
keywords = {High energy muons, Muons underground, Monte Carlo methods, Interaction of particles with matter},
abstract = {We present a new three-dimensional Monte-Carlo code MUSIC (MUon SImulation Code) for muon propagation through the rock. All processes of muon interaction with matter with high energy loss (including the knock-on electron production) are treated as stochastic processes. The angular deviation and lateral displacement of muons due to multiple scattering, as well as bremsstrahlung, pair production and inelastic scattering are taken into account. The code has been applied to obtain the energy distribution and angular and lateral deviations of single muons at different depths underground. The muon multiplicity distributions obtained with MUSIC and CORSIKA (Extensive Air Shower simulation code) are also presented. We discuss the systematic uncertainties of the results due to different muon bremsstrahlung cross-sections.}
}

@article{mubeam_fluka,
  author = {E665 Collaboration and Adams, M.R. and Aderholz, M. and et al.},
  title = {Production of charged hadrons by positive muons on deuterium and xenon at 490 GeV},
  journal = {Z. Phys. C -- Particles and Fields},
  volume = {61},
  pages = {179--198},
  year = {1994},
  doi = {10.1007/BF01413096},
  url = {https://doi.org/10.1007/BF01413096}
}

@article{xenonbeam_500MeV,
title = {Isotopic production cross sections of the residual nuclei in spallation reactions induced by 136Xe projectiles on proton at 500MeV},
journal = {Nuclear Physics A},
volume = {899},
pages = {116-132},
year = {2013},
issn = {0375-9474},
doi = {https://doi.org/10.1016/j.nuclphysa.2012.12.119},
url = {https://www.sciencedirect.com/science/article/pii/S0375947412004423},
author = {L. Giot and J.A. Alcántara-Núñez and J. Benlliure and D. Pérez-Loureiro and L. Audouin and A. Boudard and E. Casarejos and T. Enqvist and J.E. Ducret and B. Fernández-Domínguez and M. {Fernández Ordóñez} and F. Farget and A. Heinz and V. Henzl and D. Henzlova and A. Kelić-Heil and A. Lafriaskh and S. Leray and P. Napolitani and C. Paradela and J. Pereira and M.V. Ricciardi and C. Stéphan and K.-H. Schmidt and C. Schmitt and L. Tassan-Got and C. Villagrasa and C. Volant and O. Yordanov},
keywords = {, measured, deduced, Resulting  for Sn, Sb, Te, I, Xe, Cs, Ba presented also in tabular form, Compared with published data at 1000 MeV/nucleon},
abstract = {Around 270 medium-mass residual nuclei, formed in spallation reactions induced by 136Xe projectiles impinging on a liquid hydrogen target at 500 A MeV, have been unambiguously identified at GSI using the magnetic spectrometer FRS. The individual production cross sections and the longitudinal momentum distributions have been determined with high accuracy. These data represent an important constraint for theoretical models describing spallation reactions.}
}

@article{xenonbeam_1GeV,
  title = {Measurement of the complete nuclide production and kinetic energies of the system $^{136}\mathrm{Xe}$+hydrogen at 1 GeV per nucleon},
  author = {Napolitani, P. and Schmidt, K.-H. and Tassan-Got, L. and Armbruster, P. and Enqvist, T. and Heinz, A. and Henzl, V. and Henzlova, D. and Keli\ifmmode \acute{c}\else \'{c}\fi{}, A. and Pleska\ifmmode \check{c}\else \v{c}\fi{}, R. and Ricciardi, M. V. and Schmitt, C. and Yordanov, O. and Audouin, L. and Bernas, M. and Lafriaskh, A. and Rejmund, F. and St\'ephan, C. and Benlliure, J. and Casarejos, E. and Ordonez, M. Fernandez and Pereira, J. and Boudard, A. and Fernandez, B. and Leray, S. and Villagrasa, C. and Volant, C.},
  journal = {Phys. Rev. C},
  volume = {76},
  issue = {6},
  pages = {064609},
  numpages = {16},
  year = {2007},
  month = {Dec},
  publisher = {American Physical Society},
  doi = {10.1103/PhysRevC.76.064609},
  url = {https://link.aps.org/doi/10.1103/PhysRevC.76.064609}
}


@Article{Debr01,
  author = 	"E. Debreuve and M. Barlaud and G. Aubert and I. Laurette and
                 J. Darcourt",
  title = 	"Space-time segmentation using level set active contours
                 applied to myocardial gated {SPECT}",
  journal = 	"IEEE Trans.\ Med.\ Imag.",
  year = 	2001,
  pages = 	"643--659",
  number =      7,
  volume = 	20,
  month =       jul,
  keywords = 	"spatio-temporal segmentation",
  annote =	"first paper showing object tunnels on natural images"
}

@article{PhysRevD.90.033005,
  title = {New expectations and uncertainties on neutrinoless double beta decay},
  author = {Dell'Oro, Stefano and Marcocci, Simone and Vissani, Francesco},
  journal = {Phys. Rev. D},
  volume = {90},
  issue = {3},
  pages = {033005},
  numpages = {8},
  year = {2014},
  month = {Aug},
  publisher = {American Physical Society},
  doi = {10.1103/PhysRevD.90.033005},
  url = {https://link.aps.org/doi/10.1103/PhysRevD.90.033005}
}

@unpublished{Nufit,
  author = {Nufit 5.0},
  note = {available at http://www.nu-fit.org},
  title = {},
  year = {2020}
}

@misc{klz800_arxiv,
      title={Search for Majorana Neutrinos with the Complete KamLAND-Zen Dataset}, 
      author={S. Abe and T. Araki and K. Chiba and T. Eda and M. Eizuka and Y. Funahashi and A. Furuto and A. Gando and Y. Gando and S. Goto and T. Hachiya and K. Hata and K. Ichimura and S. Ieki and H. Ikeda and K. Inoue and K. Ishidoshiro and Y. Kamei and N. Kawada and Y. Kishimoto and M. Koga and A. Marthe and Y. Matsumoto and T. Mitsui and H. Miyake and D. Morita and R. Nakajima and K. Nakamura and R. Nakamura and R. Nakamura and J. Nakane and T. Ono and H. Ozaki and K. Saito and T. Sakai and I. Shimizu and J. Shirai and K. Shiraishi and A. Suzuki and K. Tachibana and K. Tamae and H. Watanabe and K. Watanabe and S. Yoshida and S. Umehara and K. Fushimi and K. Kotera and Y. Urano and B. E. Berger and B. K. Fujikawa and J. G. Learned and J. Maricic and Z. Fu and S. Ghosh and J. Smolsky and L. A. Winslow and Y. Efremenko and H. J. Karwowski and D. M. Markoff and W. Tornow and S. Dell'Oro and T. O'Donnell and J. A. Detwiler and S. Enomoto and M. P. Decowski and K. M. Weerman and C. Grant and O. Penek and H. Song and A. Li and S. N. Axani and M. Garcia and M. Sarfraz},
      year={2024},
      eprint={2406.11438},
      archivePrefix={arXiv},
      primaryClass={hep-ex},
      url={https://arxiv.org/abs/2406.11438}, 
}
@phdthesis{kamei_phd,
  author = {S. Matsuda},
  school = {Tohoku University},
  title = {Hunting Massive Majoron Emission in Neutrinoless Double-Beta Decay of $^{136}$Xe with KamLAND-Zen},
  year = {2021}
}
@phdthesis{mastuda_phd,
  author = {S. Matsuda},
  school = {Tohoku University},
  title = {Search for Neutrinoless Double-Beta Decay in $^{136}$Xe after Intensive Background Reduction with KamLAND-Zen},
  year = {2016}
}
@phdthesis{karino_master,
  author = {Y. Karino},
  school = {Tohoku University},
  title = {Improvement of Background Rejection for Cosmic Muon Spallation in
KamLAND-Zen},
  year = {2017}
}
@phdthesis{ozaki_phd,
  author = {H. Ozaki},
  school = {Tohoku University},
  title = {High Sensitivity Search for Neutrinoless Double-Beta Decay in KamLAND-Zen with Double Amount of $^{136}$Xe},
  year = {2019}
}
@phdthesis{takeuchi_phd,
  author = {A. Takeuchi},
  school = {Tohoku University},
  title = {First Search for Majorana Neutrinos
in the Inverted Mass Hierarchy Region with KamLAND-Zen},
  year = {2023}
}
@phdthesis{miyake_phd,
  author = {H. Miyake},
  school = {Tohoku University},
  title = {Search for Neutrinoless Double-Beta Decay in KamLAND-ZEN Applying Improved Long-Lived Spallation Background Reduction},
  year = {2023}
}
@phdthesis{yoshida_phd,
  author = {H. Yoshida},
  school = {Tohoku University},
  title = {Limit on Majorana Neutrino Mass with Neutrinoless Double Beta
Decay from KamLAND-Zen},
  year = {2014}
}

@phdthesis{li_phd,
  author = {A. Li},
  school = {Boston University},
  title = {The Tao and Zen of neutrinos: neutrinoless double beta decay in KamLAND-ZEN 800},
  year = {2020}
}